<record><leader>00000cas a2200000 a 4500</leader><controlfield tag="001">31065083</controlfield><controlfield tag="007">hd afu---baca</controlfield><controlfield tag="008">940908d19011904nbuwr nea     0    0eng c</controlfield><datafield ind1=" " ind2=" " tag="010"><subfield code="a">sn 94056291 </subfield></datafield><datafield ind1=" " ind2=" " tag="040"><subfield code="a">NVG</subfield><subfield code="b">eng</subfield><subfield code="c">NVG</subfield><subfield code="d">OCLCQ</subfield><subfield code="d">OCLCF</subfield><subfield code="d">OCLCO</subfield></datafield><datafield ind1="1" ind2=" " tag="029"><subfield code="a">AU@</subfield><subfield code="b">000011276804</subfield></datafield><datafield ind1=" " ind2=" " tag="042"><subfield code="a">pcc</subfield></datafield><datafield ind1=" " ind2=" " tag="043"><subfield code="a">n-us-nb</subfield></datafield><datafield ind1="0" ind2="4" tag="245"><subfield code="a">The Kearney County news</subfield><subfield code="h">[microform].</subfield></datafield><datafield ind1="1" ind2="3" tag="246"><subfield code="a">Minden news</subfield></datafield><datafield ind1=" " ind2=" " tag="260"><subfield code="a">Minden, Neb. :</subfield><subfield code="b">George E. Thornton,</subfield><subfield code="c">1901-1904.</subfield></datafield><datafield ind1=" " ind2=" " tag="300"><subfield code="a">3 v.</subfield></datafield><datafield ind1=" " ind2=" " tag="310"><subfield code="a">Weekly</subfield></datafield><datafield ind1="0" ind2=" " tag="362"><subfield code="a">Vol. 1, no. 1 (Nov. 1, 1901)-v. 3, no. 18 (Feb. 26, 1904).</subfield></datafield><datafield ind1=" " ind2=" " tag="580"><subfield code="a">Merged with: New gazette (Minden, Neb.), to form: Kearney County news and the Minden new gazette.</subfield></datafield><datafield ind1=" " ind2=" " tag="533"><subfield code="a">Microfilm.</subfield><subfield code="b">Wooster, Ohio :</subfield><subfield code="c">Bell &amp; Howell.</subfield><subfield code="e">2 microfilm reels ; 35 mm.</subfield></datafield><datafield ind1=" " ind2="0" tag="651"><subfield code="a">Kearney County (Neb.)</subfield><subfield code="v">Newspapers.</subfield></datafield><datafield ind1=" " ind2="7" tag="655"><subfield code="a">Newspapers.</subfield><subfield code="2">fast</subfield><subfield code="0">(OCoLC)fst01423814</subfield></datafield><datafield ind1=" " ind2="7" tag="651"><subfield code="a">Nebraska</subfield><subfield code="z">Kearney County.</subfield><subfield code="2">fast</subfield><subfield code="0">(OCoLC)fst01227529</subfield></datafield><datafield ind1=" " ind2=" " tag="752"><subfield code="a">United States</subfield><subfield code="b">Nebraska</subfield><subfield code="c">Kearney</subfield><subfield code="d">Minden.</subfield></datafield><datafield ind1="0" ind2="0" tag="780"><subfield code="t">Prairie home (Heartwell, Neb.)</subfield><subfield code="w">(DLC)sn 94056290</subfield></datafield><datafield ind1="1" ind2="4" tag="785"><subfield code="t">New gazette (Minden, Neb.)</subfield><subfield code="w">(DLC)sn 94056317</subfield></datafield><datafield ind1="1" ind2="4" tag="785"><subfield code="t">Kearney County news and the Minden new gazette</subfield><subfield code="w">(DLC)sn 94056292</subfield></datafield></record>